<record><leader>00000cas a22000007a 4500</leader><controlfield tag="001">11809951</controlfield><controlfield tag="008">850315d18581865wiuwr ne      0    0eng d</controlfield><datafield ind1=" " ind2=" " tag="010"><subfield code="a">sn 85033285 </subfield></datafield><datafield ind1=" " ind2=" " tag="040"><subfield code="a">NPU</subfield><subfield code="b">eng</subfield><subfield code="c">NPU</subfield><subfield code="d">NPV</subfield><subfield code="d">CNK</subfield><subfield code="d">OCLCQ</subfield></datafield><datafield ind1=" " ind2=" " tag="042"><subfield code="a">msc</subfield></datafield><datafield ind1=" " ind2=" " tag="045"><subfield code="a">w5w6</subfield></datafield><datafield ind1=" " ind2=" " tag="052"><subfield code="a">4123</subfield><subfield code="b">V4</subfield></datafield><datafield ind1="0" ind2="0" tag="245"><subfield code="a">North western times.</subfield></datafield><datafield ind1=" " ind2=" " tag="260"><subfield code="a">Viroqua, Badax [i.e. Vernon] County, Wis. :</subfield><subfield code="b">J.A. Somerby,</subfield><subfield code="c">1858-1865.</subfield></datafield><datafield ind1=" " ind2=" " tag="300"><subfield code="a">v. ;</subfield><subfield code="c">55 cm.</subfield></datafield><datafield ind1=" " ind2=" " tag="310"><subfield code="a">Weekly</subfield></datafield><datafield ind1="0" ind2=" " tag="362"><subfield code="a">Vol. 3, no. 1 (Jan. 6, 1858)-v. 10, no. 33 (Aug. 16, 1865).</subfield></datafield><datafield ind1=" " ind2=" " tag="500"><subfield code="a">Published in Viroqua and De Soto, Wis., Jan. 6, 1858-&lt;Aug. 17, 1859&gt;; in Viroqua, Wis., &lt;Aug. 30, 1859&gt;-Aug. 16, 1865.</subfield></datafield><datafield ind1=" " ind2=" " tag="500"><subfield code="a">"An independent family newspaper--devoted to news and miscellaneous reading."</subfield></datafield><datafield ind1=" " ind2=" " tag="500"><subfield code="a">Editors: J.A. Somerby &amp; J. Osgood, Jan. 6, 1858-March 9, 1859; J.A. Somerby, March 16-Dec. 7, 1859; J.A. Somerby &amp; R.C. Bierce, Dec. 14, 1859-Sept. 18, 1861; J.A. Somerby, Sept. 25, 1861-Aug. 16, 1865.</subfield></datafield><datafield ind1=" " ind2=" " tag="530"><subfield code="a">Available on microfilm from The State Historical Society of Wiconsin.</subfield></datafield><datafield ind1=" " ind2=" " tag="752"><subfield code="a">United States</subfield><subfield code="b">Wisconsin</subfield><subfield code="c">Vernon</subfield><subfield code="d">Viroqua.</subfield></datafield><datafield ind1=" " ind2=" " tag="752"><subfield code="a">United States</subfield><subfield code="b">Wisconsin</subfield><subfield code="c">Vernon</subfield><subfield code="d">De Soto.</subfield></datafield><datafield ind1="0" ind2="0" tag="780"><subfield code="t">Western times (Viroqua, Wis.)</subfield><subfield code="w">(DLC)sn 85040452</subfield></datafield><datafield ind1="0" ind2="5" tag="785"><subfield code="t">Viroqua expositor (Viroqua, Wis. : 1859)</subfield><subfield code="w">(DLC)sn 85040453</subfield></datafield><datafield ind1="0" ind2="0" tag="785"><subfield code="t">Vernon County censor</subfield><subfield code="w">(DLC)sn 85040451</subfield></datafield></record>